@article{Lengauer1979,
  author =        {Lengauer, T. and Tarjan, R. E.},
  journal =       {TOPLAS},
  number =        {1},
  title =         {{A Fast Algorithm for Finding Dominators in a Flow
                   Graph}},
  volume =        {1},
  year =          {1979},
}

@inproceedings{Blazy2015,
  author =        {Blazy, S. and Demange, D. and Pichardie, D.},
  booktitle =     {ITP},
  title =         {{Validating Dominator Trees for a Fast, Verified
                   Dominance Test}},
  year =          {2015},
}

@inproceedings{chris_cummins_2020_4247595,
  author =        {Chris Cummins},
  month =         jun,
  publisher =     {Zenodo},
  title =         {{DeepDataFlow}},
  year =          {2020},
  url =           {https://doi.org/10.5281/zenodo.4247595},
}

@inproceedings{Cummins2017a,
  author =        {Cummins, C. and Petoumenos, P. and Zang, W. and
                   Leather, H.},
  booktitle =     {CGO},
  publisher =     {IEEE},
  title =         {{Synthesizing Benchmarks for Predictive Modeling}},
  year =          {2017},
}

@article{Bailey1991a,
  author =        {Bailey, D. H. and Barszcz, E. and Barton, J. and
                   Browning, D. and Carter, R. and Dagum, L. and
                   Fatoohi, R. and Fineberg, S. and Frederickson, P. and
                   Lasinski, T. and Schreiber, R. and Simon, H. and
                   Venkatakrishnan, V. and Weeratunga, S.},
  journal =       {IJHPCA},
  number =        {3},
  title =         {{The NAS Parallel Benchmarks}},
  volume =        {5},
  year =          {1991},
}

@inproceedings{Cummins2017b,
  author =        {Cummins, C. and Petoumenos, P. and Wang, Z. and
                   Leather, H.},
  booktitle =     {PACT},
  publisher =     {IEEE},
  title =         {{End-to-end Deep Learning of Optimization
                   Heuristics}},
  year =          {2017},
}

@inproceedings{Mou2016,
  author =        {Mou, L. and Li, G. and Zhang, L. and Wang, T. and
                   Jin, Z.},
  booktitle =     {AAAI},
  title =         {{Convolutional Neural Networks over Tree Structures
                   for Programming Language Processing}},
  year =          {2016},
}

@inproceedings{Abadi,
  author =        {Abadi, M. and Barham, P. and Chen, J. and Chen, Z. and
                   Davis, A. and Dean, J. and Devin, M. and Ghemawat, S. and
                   Irving, G. and Isard, M. and Kudlur, M. and
                   Levenberg, J. and Monga, R. and Moore, S. and
                   Murray, D. G. and Steiner, B. and Tucker, P. and
                   Vasudevan, V. and Warden, P. and Wicke, M. and Yu, Y. and
                   Zheng, X.},
  booktitle =     {OSDI},
  title =         {{TensorFlow: A System for Large-scale Machine
                   Learning}},
  year =          {2016},
}

@inproceedings{Ben-nun2018,
  author =        {Ben-Nun, T. and Jakobovits, A. S. and Hoefler, T.},
  booktitle =     {NeurIPS},
  title =         {{Neural Code Comprehension: A Learnable
                   Representation of Code Semantics}},
  year =          {2018},
}

@article{Kingma2015,
  author =        {Kingma, D. P. and Ba, J. L.},
  journal =       {ICLR},
  title =         {{Adam: a Method for Stochastic Optimization}},
  year =          {2015},
}

@article{Hinton2012,
  author =        {Hinton, G. E. and Srivastava, N. and Krizhevsky, A. and
                   Sutskever, I. and Salakhutdinov, R. R.},
  journal =       {arXiv:1207.0580},
  title =         {{Improving Neural Networks by Preventing
                   Co-adaptation of Feature Detectors}},
  year =          {2012},
}

@inproceedings{Ioffe2015a,
  author =        {Ioffe, S. and Szegedy, C.},
  booktitle =     {ICML},
  publisher =     {PMLR},
  title =         {{Batch Normalization: Accelerating Deep Network
                   Training by Reducing Internal Covariate Shift}},
  year =          {2015},
}

@article{Li2015a,
  author =        {Li, Y. and Zemel, R. and Brockscmidt, M. and
                   Tarlow, D.},
  journal =       {arXiv:1511.05493},
  title =         {{Gated Graph Sequence Neural Networks}},
  year =          {2015},
}

@inproceedings{Loshchilov2019,
  author =        {Loshchilov, I. and Hutter, F.},
  booktitle =     {ICLR},
  title =         {{Decoupled weight decay regularization}},
  year =          {2019},
}
