@book{Cooper2012,
  author =        {Cooper, K. D. and Torczon, L.},
  booktitle =     {Engineering a Compiler},
  publisher =     {Elsevier},
  title =         {{Engineering a Compiler}},
  year =          {2012},
}

@article{Allamanis2017a,
  author =        {Allamanis, M. and Barr, E. T. and Devanbu, P. and
                   Sutton, C.},
  journal =       {ACM Computing Surveys},
  number =        {4},
  title =         {{A Survey of Machine Learning for Big Code and
                   Naturalness}},
  volume =        {51},
  year =          {2018},
}

@inproceedings{leather2020mlinc,
  author =        {Leather, Hugh and Cummins, Chris},
  booktitle =     {FDL},
  organization =  {IEEE},
  title =         {Machine Learning in Compilers: Past, Present and
                   Future},
  year =          {2020},
}

@inproceedings{Kildall1973,
  author =        {Kildall, G. A.},
  booktitle =     {POPL},
  title =         {{A Unified Approach to Global Program Optimization}},
  year =          {1973},
}

@article{Kam1976,
  author =        {Kam, J. B. and Ullman, J. D.},
  journal =       {JACM},
  title =         {{Global Data Flow Analysis and Iterative Algorithms}},
  year =          {1976},
}

@article{Kam1977,
  author =        {Kam, J. B. and Ullman, J. D.},
  journal =       {Acta Informatica},
  number =        {3},
  title =         {{Monotone Data Flow Analysis Frameworks}},
  volume =        {7},
  year =          {1977},
}

@article{Ashouri2018,
  author =        {Ashouri, A. H. and Killian, W. and Cavazos, J. and
                   Palermo, G. and Silvano, C.},
  journal =       {ACM Computing Surveys},
  number =        {5},
  title =         {{A Survey on Compiler Autotuning using Machine
                   Learning}},
  volume =        {51},
  year =          {2018},
}

@inproceedings{Barchi2019a,
  author =        {Barchi, F. and Urgese, G. and Macii, E. and
                   Acquaviva, A.},
  booktitle =     {DAC},
  publisher =     {ACM},
  title =         {{Code Mapping in Heterogeneous Platforms Using Deep
                   Learning and LLVM-IR}},
  year =          {2019},
}

@inproceedings{Alon2018a,
  author =        {Alon, U. and Zilberstein, M. and Levy, O. and
                   Yahav, E.},
  booktitle =     {Symposium on Principles of Programming Languages
                   (POPL)},
  title =         {{code2vec: Learning Distributed Representations of
                   Code}},
  year =          {2018},
}

@article{Yin2018,
  author =        {Yin, P. and Neubig, G. and Allamanis, M. and
                   Brockschmidt, M. and Gaunt, A. L.},
  journal =       {arXiv:1810.13337},
  title =         {{Learning to Represent Edits}},
  year =          {2018},
}

@article{Haj-Ali2019,
  author =        {Haj-Ali, A. and Ahmed, N. K. and Willke, T. and
                   Shao, S. and Asanovic, K. and Stoica, I.},
  journal =       {CGO},
  title =         {{NeuroVectorizer: End-to-End Vectorization with Deep
                   Reinforcement Learning}},
  year =          {2020},
}

@inproceedings{cummins2017synthesizing,
  author =        {Cummins, Chris and Petoumenos, Pavlos and Wang, Zheng and
                   Leather, Hugh},
  booktitle =     {CGO},
  organization =  {IEEE},
  title =         {Synthesizing benchmarks for predictive modeling},
  year =          {2017},
}

@inproceedings{Ben-nun2018,
  author =        {Ben-Nun, T. and Jakobovits, A. S. and Hoefler, T.},
  booktitle =     {NeurIPS},
  title =         {{Neural Code Comprehension: A Learnable
                   Representation of Code Semantics}},
  year =          {2018},
}

@inproceedings{Mirhoseini2017,
  author =        {Mirhoseini, A. and Pham, H. and Le, Q. V. and
                   Steiner, B. and Larsen, R. and Zhou, Y. and Kumar, N. and
                   Norouzi, M. and Bengio, S. and Dean, J.},
  booktitle =     {ICML},
  title =         {{Device Placement Optimization with Reinforcement
                   Learning}},
  year =          {2017},
}

@inproceedings{Brauckmann2020,
  author =        {Brauckmann, A. and Ertel, S. and Goens, A. and
                   Castrillon, J.},
  booktitle =     {CC},
  title =         {{Compiler-Based Graph Representations for Deep
                   Learning Models of Code}},
  year =          {2020},
}

@article{Battaglia2018,
  author =        {Battaglia, P. and Hamrick, J. B. and Bapst, V. and
                   Sanchez-Gonzalez, A. and Zambaldi, V. and
                   Malinowski, M. and Tacchetti, A. and Raposo, D. and
                   Santoro, A. and Faulkner, R. and Gulcehre, C. and
                   Song, F. and Ballard, A. and Gilmer, J. and Dahl, G. and
                   Vaswani, A. and Allen, K. and Nash, C. and
                   Langston, V. and Dyer, C. and Heess, N. and
                   Wierstra, D. and Kohli, P. and Botvinick, M. and
                   Vinyals, O. and Li, Y. and Pascanu, R.},
  journal =       {arXiv:1806.01261},
  title =         {{Relational Inductive Biases, Deep Learning, and
                   Graph Networks}},
  year =          {2018},
}

@article{Li2018a,
  author =        {Ziwei, Z. and Cui, P. and Zhu, W.},
  journal =       {TKDE},
  title =         {{Deep Learning on Graphs: A Survey}},
  year =          {2020},
}

@inproceedings{chris_cummins_2020_4247595,
  author =        {Chris Cummins},
  month =         jun,
  publisher =     {Zenodo},
  title =         {{DeepDataFlow}},
  year =          {2020},
  url =           {https://doi.org/10.5281/zenodo.4247595},
}

@inproceedings{Bielik2017a,
  author =        {Bielik, P. and Raychev, V. and Vechev, M.},
  booktitle =     {CAV},
  title =         {{Learning a Static Analyzer from Data}},
  year =          {2017},
}

@inproceedings{Shi2019,
  author =        {Shi, Z. and Swersky, K. and Tarlow, D. and
                   Ranganathan, P. and Hashemi, M.},
  booktitle =     {ICLR},
  title =         {{Learning Execution through Neural Code Fusion}},
  year =          {2020},
}

@inproceedings{wang2020blended,
  author =        {Wang, K. and Su, Z.},
  booktitle =     {PLDI},
  title =         {Blended, precise semantic program embeddings},
  year =          {2020},
}

@inproceedings{Si2018,
  author =        {Si, X. and Dai, H. and Raghothaman, M. and Naik, M. and
                   Song, L.},
  booktitle =     {NeurIPS},
  title =         {{Learning Loop Invariants for Program Verification}},
  year =          {2018},
}

@inproceedings{Kanade2019,
  author =        {Kanade, A. and Maniatis, P. and Balakrishnan, G. and
                   Shi, K.},
  booktitle =     {ICML},
  title =         {{Learning and Evaluating Contextual Embedding of
                   Source Code}},
  year =          {2020},
}

@phdthesis{Allamanis2016d,
  author =        {Allamanis, M.},
  school =        {University of Edinburgh},
  title =         {{Learning Natural Coding Conventions}},
  year =          {2016},
}

@phdthesis{Cummins2020,
  author =        {Cummins, C.},
  school =        {University of Edinburgh},
  title =         {{Deep Learning for Compilers}},
  year =          {2020},
}

@inproceedings{Raychev2015,
  author =        {Raychev, V. and Vechev, M. and Krause, A.},
  booktitle =     {POPL},
  title =         {{Predicting Program Properties from "Big Code"}},
  year =          {2015},
}

@inproceedings{Allamanis2017b,
  author =        {Allamanis, Miltos and Brockschmidt, M. and
                   Khademi, M.},
  booktitle =     {ICLR},
  title =         {{Learning to Represent Programs with Graphs}},
  year =          {2017},
}

@inproceedings{Alon2018c,
  author =        {Alon, U. and Zilberstein, M. and Levy, O. and
                   Yahav, E.},
  booktitle =     {ACM SIGPLAN Conference on Programming Language Design
                   and Implementation (PLDI)},
  publisher =     {ACM},
  title =         {{A General Path-Based Representation for Predicting
                   Program Properties}},
  year =          {2018},
}

@article{Dam2018,
  author =        {Dam, H. K. and Grundy, J. and Kim, T. and Kim, C.},
  journal =       {arXiv:1802.00921},
  title =         {{A Deep Tree-Based Model for Software Defect
                   Prediction}},
  year =          {2018},
}

@article{Tai2015a,
  author =        {Tai, K. S. and Socher, R. and Manning, C. D.},
  journal =       {arXiv:1503.00075},
  title =         {{Improved Semantic Representations From
                   Tree-Structured Long Short-Term Memory Networks}},
  year =          {2015},
}

@article{Li2015a,
  author =        {Li, Y. and Zemel, R. and Brockscmidt, M. and
                   Tarlow, D.},
  journal =       {arXiv:1511.05493},
  title =         {{Gated Graph Sequence Neural Networks}},
  year =          {2015},
}

@inproceedings{Li2019,
  author =        {Li, L. and Gu, C. and Dullien, T. and Vinyals, O. and
                   Kohli, P.},
  booktitle =     {ICML},
  publisher =     {PMLR},
  title =         {{Graph Matching Networks for Learning the Similarity
                   of Graph Structured Objects}},
  year =          {2019},
}

@article{Ferrante1987,
  author =        {Ferrante, J. and Ottenstein, K. J. and Warren, J. D.},
  journal =       {TOPLAS},
  number =        {3},
  title =         {{The Program Dependence Graph and Its Use in
                   Optimization}},
  volume =        {9},
  year =          {1987},
}

@article{steiner2021value,
  author =        {Steiner, Benoit and Cummins, Chris and He, Horace and
                   Leather, Hugh},
  journal =       {MLSys},
  title =         {Value Learning for Throughput Optimization of Deep
                   Learning Workloads},
  year =          {2021},
}

@inproceedings{mendis2019compiler,
  author =        {Mendis, C. and Yang, C. and Pu, Y. and
                   Amarasinghe, S. and Michael, C.},
  booktitle =     {NeurIPS},
  title =         {Compiler Auto-Vectorization with Imitation Learning},
  year =          {2019},
}

@article{KeerthyS2019,
  author =        {Keerthy S, V. and Aggarwal, R. and Jain, S. and
                   Desarkar, M. S. and Upadrasta, R. and Spkant, Y. N.},
  journal =       {arXiv:1909.06228},
  title =         {{IR2Vec: A Flow Analysis based Scalable
                   Infrastructure for Program Encodings}},
  year =          {2019},
}

@inproceedings{Gilmer2017,
  author =        {Gilmer, J. and Schoenholz, S. S. and Riley, P. F. and
                   Vinyals, O. and Dahl, G. E.},
  booktitle =     {ICML},
  publisher =     {PMLR},
  title =         {{Neural Message Passing for Quantum Chemistry}},
  year =          {2017},
}

@techreport{Cooper2003,
  author =        {Cooper, K. D. and Harvey, T. J. and Kennedy, K.},
  institution =   {Department of Computer Science, Rice University},
  title =         {{Iterative Data-flow Analysis, Revisited}},
  year =          {2004},
}

@inproceedings{Vaswani2017,
  author =        {Vaswani, A. and Shazeer, N. and Parmar, N. and
                   Uszkoreit, J. and Jones, L. and Gomez, A. N. and
                   Kaiser, L. and Polosukhin, I.},
  booktitle =     {NIPS},
  title =         {{Attention Is All You Need}},
  year =          {2017},
}

@inproceedings{Gehring2017,
  author =        {Gehring, J. and Auli, M. and Grangier, D. and
                   Yarats, D. and Dauphin, Y. N.},
  booktitle =     {ICML},
  publisher =     {PMLR},
  title =         {{Convolutional Sequence to Sequence Learning}},
  year =          {2017},
}

@inproceedings{Cho2014,
  author =        {Cho, K. and van Merrienboer, B. and Gulcehre, C. and
                   Bahdanau, D. and Bougares, F. and Schwenk, H. and
                   Bengio, Y.},
  booktitle =     {Empirical Methods in Natural Language Processing},
  title =         {{Learning Phrase Representations using RNN
                   Encoder-Decoder for Statistical Machine Translation}},
  year =          {2014},
}

@inproceedings{Grewe2013,
  author =        {Grewe, D. and Wang, Z. and O'Boyle, M. F. P.},
  booktitle =     {CGO},
  publisher =     {IEEE},
  title =         {{Portable Mapping of Data Parallel Programs to OpenCL
                   for Heterogeneous Systems}},
  year =          {2013},
}

@inproceedings{Cummins2017b,
  author =        {Cummins, C. and Petoumenos, P. and Wang, Z. and
                   Leather, H.},
  booktitle =     {PACT},
  publisher =     {IEEE},
  title =         {{End-to-end Deep Learning of Optimization
                   Heuristics}},
  year =          {2017},
}

@inproceedings{Mou2016,
  author =        {Mou, L. and Li, G. and Zhang, L. and Wang, T. and
                   Jin, Z.},
  booktitle =     {AAAI},
  title =         {{Convolutional Neural Networks over Tree Structures
                   for Programming Language Processing}},
  year =          {2016},
}
